<record><leader>00000cas a22000007a 4500</leader><controlfield tag="001">10333400</controlfield><controlfield tag="008">840124d18661969couwr ne      0    0eng d</controlfield><datafield ind1=" " ind2=" " tag="010"><subfield code="a">sn 84022264 </subfield></datafield><datafield ind1=" " ind2=" " tag="040"><subfield code="a">NPX</subfield><subfield code="b">eng</subfield><subfield code="c">NPX</subfield><subfield code="d">NPU</subfield><subfield code="d">CNQ</subfield><subfield code="d">OCLCQ</subfield></datafield><datafield ind1=" " ind2=" " tag="042"><subfield code="a">msc</subfield></datafield><datafield ind1=" " ind2=" " tag="043"><subfield code="a">n-us-co</subfield></datafield><datafield ind1="0" ind2=" " tag="130"><subfield code="a">Colorado transcript (Golden, Colo. : 1866)</subfield></datafield><datafield ind1="1" ind2="4" tag="245"><subfield code="a">The Colorado transcript.</subfield></datafield><datafield ind1="3" ind2="0" tag="246"><subfield code="a">Weekly transcript</subfield></datafield><datafield ind1=" " ind2=" " tag="260"><subfield code="a">Golden City, Colo. :</subfield><subfield code="b">Geo. West</subfield></datafield><datafield ind1=" " ind2=" " tag="300"><subfield code="a">v.</subfield></datafield><datafield ind1=" " ind2=" " tag="310"><subfield code="a">Triweekly,</subfield><subfield code="b">Jan. 14, 1968-Mar. 16, 1969</subfield></datafield><datafield ind1=" " ind2=" " tag="321"><subfield code="a">Weekly,</subfield><subfield code="b">Dec. 19, 1866-July 14, 1966</subfield></datafield><datafield ind1=" " ind2=" " tag="321"><subfield code="a">Semiweekly,</subfield><subfield code="b">July 18, 1966-Jan. 11, 1968</subfield></datafield><datafield ind1="0" ind2=" " tag="362"><subfield code="a">Vol. 1, no. 1 (Dec. 19, 1866)-v. 103, no. 37 (Mar. 16, 1969).</subfield></datafield><datafield ind1=" " ind2=" " tag="500"><subfield code="a">Published as Semiweekly, Sept. 30, 1876.</subfield></datafield><datafield ind1=" " ind2=" " tag="530"><subfield code="a">Available on microfilm from the Colorado Historical Society.</subfield></datafield><datafield ind1=" " ind2=" " tag="752"><subfield code="a">United States</subfield><subfield code="b">Colorado</subfield><subfield code="c">Jefferson</subfield><subfield code="d">Golden.</subfield></datafield><datafield ind1=" " ind2=" " tag="752"><subfield code="a">United States</subfield><subfield code="b">Colorado</subfield><subfield code="c">Jefferson</subfield><subfield code="d">Golden City.</subfield></datafield><datafield ind1="0" ind2=" " tag="775"><subfield code="t">Colorado transcript (Golden City, Colo. : Daily)</subfield><subfield code="w">(DLC)sn 90051629</subfield></datafield><datafield ind1="0" ind2="0" tag="785"><subfield code="t">Golden daily transcript</subfield><subfield code="w">(DLC)sn 90051504</subfield></datafield></record>